@misc{beauregard_2011,
title={Improving the Beginner’s PID – Introduction},
url={http://brettbeauregard.com/blog/2011/04/improving-the-beginners-pid-introduction/},
journal={Project Blog},
author={Beauregard, Brett},
year={2011}
}