@misc{beauregard2011,
title={Improving the Beginner’s PID – Introduction},
url={{http://brettbeauregard.com/blog/2011/04/improving-the-beginners-pid-introduction/}},
journal={Project Blog},
author={Beauregard, Brett},
year={2011},
}

@misc{tinkercad,
  author = {{Autodesk, Inc.}},
  title = {Tinkercad},
  url = {{https://www.tinkercad.com/}},
  version = {3.6},
  date = {2017-12-04},
}